<record><leader>00000cas a22000007a 4500</leader><controlfield tag="001">16052229</controlfield><controlfield tag="008">870623c19749999deuwr ne      0    0eng  </controlfield><datafield ind1=" " ind2=" " tag="010"><subfield code="a">sn 87062238 </subfield></datafield><datafield ind1=" " ind2=" " tag="040"><subfield code="a">DLC</subfield><subfield code="b">eng</subfield><subfield code="c">DLC</subfield><subfield code="d">DEX</subfield></datafield><datafield ind1="1" ind2=" " tag="029"><subfield code="a">AU@</subfield><subfield code="b">000025784674</subfield></datafield><datafield ind1=" " ind2=" " tag="037"><subfield code="b">10-16 S.W. Front St., Milford, DE 19963</subfield></datafield><datafield ind1=" " ind2=" " tag="042"><subfield code="a">msc</subfield></datafield><datafield ind1="0" ind2="0" tag="050"><subfield code="a">Newspaper</subfield></datafield><datafield ind1="0" ind2=" " tag="130"><subfield code="a">Chronicle (Milford, Del.)</subfield></datafield><datafield ind1="0" ind2="4" tag="245"><subfield code="a">The Chronicle.</subfield></datafield><datafield ind1=" " ind2=" " tag="260"><subfield code="a">Milford, Del. :</subfield><subfield code="b">State Media, Inc.,</subfield></datafield><datafield ind1=" " ind2=" " tag="300"><subfield code="a">v. :</subfield><subfield code="b">ill. ;</subfield><subfield code="c">58 cm.</subfield></datafield><datafield ind1=" " ind2=" " tag="310"><subfield code="a">Weekly</subfield></datafield><datafield ind1="0" ind2=" " tag="362"><subfield code="a">Vol. 96, no. 1 (Oct. 3, 1974)-</subfield></datafield><datafield ind1=" " ind2=" " tag="752"><subfield code="a">United States</subfield><subfield code="b">Delaware</subfield><subfield code="c">Sussex</subfield><subfield code="d">Milford.</subfield></datafield><datafield ind1="0" ind2="0" tag="780"><subfield code="t">Milford chronicle</subfield><subfield code="w">(DLC)sn 87062224</subfield></datafield></record>